<?xml version="1.0" encoding="UTF-8"?>
<record xmlns="http://www.loc.gov/MARC21/slim" xmlns:xsi="http://www.w3.org/2001/XMLSchema-instance" xsi:schemaLocation="http://www.loc.gov/MARC21/slim http://www.loc.gov/standards/marcxml/schema/MARC21slim.xsd">
<leader>00000cam a22      a 4500</leader>
<controlfield tag="001">002796453</controlfield>
<controlfield tag="003">NNU</controlfield>
<controlfield tag="005">20160208163040.0</controlfield>
<controlfield tag="008">880705q19801986ir            000 0 ara d</controlfield>
<datafield tag="010" ind1=" " ind2=" ">
<subfield code="a">   85931419</subfield>
</datafield>
<datafield tag="035" ind1=" " ind2=" ">
<subfield code="a">(OCoLC)18173805</subfield>
</datafield>
<datafield tag="040" ind1=" " ind2=" ">
<subfield code="a">CUY</subfield>
<subfield code="b">eng</subfield>
<subfield code="c">CUY</subfield>
<subfield code="d">OCLCG</subfield>
<subfield code="d">OCLCQ</subfield>
<subfield code="d">OCLCA</subfield>
<subfield code="d">OCLCQ</subfield>
<subfield code="d">OCLCO</subfield>
<subfield code="d">OCLCA</subfield>
<subfield code="d">OCLCF</subfield>
<subfield code="d">NNU</subfield>
</datafield>
<datafield tag="050" ind1=" " ind2="4">
<subfield code="a">BP130.4</subfield>
<subfield code="b">.R32 1980</subfield>
</datafield>
<datafield tag="100" ind1="1" ind2=" ">
<subfield code="6">880-01</subfield>
<subfield code="a">Rāzī, Fakhr al-Dīn Muḥammad ibn ʻUmar,</subfield>
<subfield code="d">1149 or 1150-1210.</subfield>
</datafield>
<datafield tag="245" ind1="1" ind2="3">
<subfield code="6">880-02</subfield>
<subfield code="a">al-Tafsīr al-kabīr /</subfield>
<subfield code="c">al-Fakhr al-Rāzī.</subfield>
</datafield>
<datafield tag="246" ind1="3" ind2=" ">
<subfield code="6">880-03</subfield>
<subfield code="a">Mafātīḥ al-ghayb</subfield>
</datafield>
<datafield tag="250" ind1=" " ind2=" ">
<subfield code="6">880-04</subfield>
<subfield code="a">al-Tabʻah 3.</subfield>
</datafield>
<datafield tag="260" ind1=" " ind2=" ">
<subfield code="6">880-05</subfield>
<subfield code="a">[Tehran] :</subfield>
<subfield code="b">[Shirkat Ṣaḥāfī Nawīn],</subfield>
<subfield code="c">[1980?]</subfield>
</datafield>
<datafield tag="300" ind1=" " ind2=" ">
<subfield code="a">32 volumes in 16 ;</subfield>
<subfield code="c">25 cm</subfield>
</datafield>
<datafield tag="336" ind1=" " ind2=" ">
<subfield code="a">text</subfield>
<subfield code="b">txt</subfield>
<subfield code="2">rdacontent</subfield>
</datafield>
<datafield tag="337" ind1=" " ind2=" ">
<subfield code="a">unmediated</subfield>
<subfield code="b">n</subfield>
<subfield code="2">rdamedia</subfield>
</datafield>
<datafield tag="338" ind1=" " ind2=" ">
<subfield code="a">volume</subfield>
<subfield code="b">nc</subfield>
<subfield code="2">rdacarrier</subfield>
</datafield>
<datafield tag="500" ind1=" " ind2=" ">
<subfield code="a">Known also by title: Mafātīḥ al-Ghayb.</subfield>
</datafield>
<datafield tag="630" ind1="0" ind2="0">
<subfield code="a">Qurʼan</subfield>
<subfield code="v">Commentaries.</subfield>
</datafield>
<datafield tag="630" ind1="0" ind2="7">
<subfield code="a">Qurʼan.</subfield>
<subfield code="2">fast</subfield>
<subfield code="0">(OCoLC)fst01842877</subfield>
</datafield>
<datafield tag="655" ind1=" " ind2="7">
<subfield code="a">Commentaries.</subfield>
<subfield code="2">fast</subfield>
<subfield code="0">(OCoLC)fst01423723</subfield>
</datafield>
<datafield tag="776" ind1="0" ind2="8">
<subfield code="i">Online version:</subfield>
<subfield code="a">Rāzī, Fakhr al-Dīn Muḥammad ibn ʻUmar, 1149 or 50-1210.</subfield>
<subfield code="t">Tafsīr al-kabīr.</subfield>
<subfield code="b">al-Tabʻah 3.</subfield>
<subfield code="d">[Tehran : Shirkat Ṣaḥāfī Nawīn, 1980?]</subfield>
<subfield code="w">(OCoLC)612910741</subfield>
</datafield>
<datafield tag="880" ind1="1" ind2=" ">
<subfield code="6">100-01/</subfield>
<subfield code="a">رازي، فخر الدين محمد بن عمر،</subfield>
<subfield code="d">1149 or 1150-1210.</subfield>
</datafield>
<datafield tag="880" ind1="1" ind2="2">
<subfield code="6">245-02/</subfield>
<subfield code="a">التفسير الكبير /</subfield>
<subfield code="c">الفخر الرازي.</subfield>
</datafield>
<datafield tag="880" ind1="3" ind2=" ">
<subfield code="6">246-03/</subfield>
<subfield code="a">مفاتيح الغيب</subfield>
</datafield>
<datafield tag="880" ind1=" " ind2=" ">
<subfield code="6">250-04/</subfield>
<subfield code="a">الطبعة 3.</subfield>
</datafield>
<datafield tag="880" ind1=" " ind2=" ">
<subfield code="6">260-05/</subfield>
<subfield code="a">[طهران] :</subfield>
<subfield code="b">[شرکة صحافى نوىن]،</subfield>
<subfield code="c">[1980؟]</subfield>
</datafield>
<datafield tag="OWN" ind1=" " ind2=" ">
<subfield code="a">GENERAL</subfield>
</datafield>
<datafield tag="AVA" ind1=" " ind2=" ">
<subfield code="a">NYU50</subfield>
<subfield code="b">BOBST</subfield>
<subfield code="c">Main Collection</subfield>
<subfield code="d">BP130.4 R38 1980x</subfield>
<subfield code="e">unavailable</subfield>
<subfield code="t">Unavailable</subfield>
<subfield code="f">15</subfield>
<subfield code="g">15</subfield>
<subfield code="h">Y</subfield>
<subfield code="i">1</subfield>
<subfield code="j">MAIN</subfield>
<subfield code="k">0</subfield>
</datafield>
</record>
